@preamble{ "\providecommand\noopsort[1]{}" }

@book{Trushevskyi-2014,
    author={\noopsort{1}В. М. Трушевський and Г. А. Шинкаренко and Н. М. Щербина},
    title={Метод скінченних елементів і штучні нейронні мережі. Теоретичні аспекти та застосування},
    publisher={ЛНУ імені Івана Франка},
    year={2014}
}

@book{Goodfellow-et-al-2016,
    title={Deep Learning},
    author={\noopsort{2}Ian Goodfellow and Yoshua Bengio and Aaron Courville},
    publisher={MIT Press},
    note={Available at \url{http://www.deeplearningbook.org}},
    year={2016}
}

@book{Haykin-2005,
    title={Neural Networks. A Comprehensive Foundation},
    author={\noopsort{2}Simon Haykin},
    publisher={Prentice Hall},
    year={2005},
    edition={second}
}

@book{Hassoun-1995,
    title={Fundamentals of Artificial Neural Networks},
    author={\noopsort{2}Mohamad H. Hassoun},
    publisher={MIT Press},
    year={1995}
}

@book{Brauer-2015,
    title={Programming Smalltalk - Object-Orientation from the Beginning},
    author={\noopsort{2}Johannes Brauer},
    publisher={Springer Vieweg},
    year={2015}
}

@book{Russell-Norvig-2010,
    author={\noopsort{2}Stuart Russell and Peter Norvig},
    title={Artificial Intelligence. A Modern Approach},
    publisher={Prentice Hall},
    year={2010},
    edition={third}
}

@book{Mitchell-1997,
    author={\noopsort{2}Tom Mitchell},
    title={Machine Learning},
    publisher={McGraw-Hill Science/Engineering/Math},
    year={1997}
}

@book{MacKay-2003,
    author={\noopsort{2}David J. C. MacKay},
    title={Information Theory, Inference, and Learning Algorithms},
    publisher={Cambridge University Press},
    year={2003}
}

@book{Hastie-et-al-2013,
    author={\noopsort{2}Trevor Hastie and Robert Tibshirani and Jerome Friedman},
    title={The Elements of Statistical Learning. Data Mining, Inference and Prediction},
    publisher={Springer},
    year={2013},
    edition={second}
}

@book{Bishop-2006,
    author={\noopsort{2}Christopher M. Bishop},
    title={Pattern Recognition and Machine Learning},
    publisher={Springer},
    year={2006}
}

@book{PharoNum,
    author={\noopsort{2}Didier H. Besset},
    title={Object-Oriented Implementation of Numerical Methods. An Introduction with Pharo},
    publisher={Square Bracket Associates},
    year={2016},
    edition={first}
}

@book{PBE1,
    author={\noopsort{2}Stéphane Ducasse and Dimitris Chloupis and Nicolai Hess and Dmitri Zagidulin},
    title={Pharo by Example 5},
    publisher={Square Bracket Associates},
    year={2017},
    edition={first}
}

@book{PBE2,
    author={\noopsort{2}Alexandre Bergel and Damien Cassou and Stéphane Ducasse and Jannik Laval},
    title={Deep into Pharo},
    publisher={Square Bracket Associates},
    year={2013},
    edition={first}
}

@book{Bergel,
    title={Agile Visualization},
    author={\noopsort{2}Alexandre Bergel},
    publisher={},
    note={\\Available at \url{http://agilevisualization.com}},
    year={2016}
}

@book{BlueBook,
    author={\noopsort{2}Adele Goldberg and David Robson},
    title={Smalltalk-80: The language and its implementation},
    publisher={Addison-Wesley},
    year={1983},
    edition={}
}

@book{Hunt-1997,
    author={\noopsort{2}John Hunt},
    title={Smalltalk and Object Orientation: An Introduction},
    publisher={Springer},
    year={1997},
    edition={first}
}

@article{Coates-et-al-2011,
    author={\noopsort{2}Adam Coates and Honglak Lee and Andrew Y. Ng},
    title={An Analysis of Single-Layer Networks in Unsupervised Feature Learning},
    journal={The Journal of Machine Learning Research (JMLR)},
    year={2011},
    volume={15},
    pages={215-223}
}

@article{Raina-et-al-2009,
    author={\noopsort{2}Rajat Raina and Anand Madhavan and Andrew Y. Ng},
    title={Large-scale Deep Unsupervised Learning using Graphics Processors},
    year={2009}
}

@article{Rumelhart-et-al-1986,
    author={\noopsort{2}David E. Rumelhart and Geoffrey E. Hintonand and Ronald J. Williams},
    title={Learning Representations by Back-propagating Errors},
    journal={Nature},
    year={1986},
    volume={323},
    pages={533-536}
}

@article{Pinto-et-al-2008,
  author={Nicolas Pinto and David D. Cox and James J. DiCarlo},
  title={Why is Real-World Visual Object Recognition Hard?},
  journal={PLOS. Computational Biology},
  year={2008}
}
  
  

% @article{Flynn-1979,
%     author={\noopsort{2}Michael J Flynn},
%     title={Some Computer Organizations and Their Effectiveness},
%     journal={IEEE Transactions on Computers},
%     year={1979},
%     volume={c-21}
% }

@article{Saxe-et-al-2011,
    author={\noopsort{2}Andrew M. Saxe and Pang Wei Koh and Zhenghao Chen and Maneesh Bhand and Bipin Suresh and Andrew Y. Ng},
    title={On Random Weights and Unsupervised Feature Learning},
    journal={ICML},
    year={2011},
    volume={}
}

@TECHREPORT{Ellingsen-1995,
    author = {\noopsort{2}Barry Kristian Ellingsen},
    title = {An Object-Oriented Approach to Neural Networks},
    institution = {},
    year = {1995}
}

% @inproceedings{Dahl-et-al-2008,
%   author={\noopsort{2}George Dahl and Alan McAvinney and Tia Newhall},
%   title={Parallelizing Neural Network Training for Cluster Systems},
%   pages={220-225},
%   crossref={Proc-PDCN-2008}
% }

% @proceedings{Proc-PDCN-2008,
%   title={PDCN '08 Proceedings of the IASTED International Conference on Parallel and Distributed Computing and Networks},
%   booktitle={PDCN '08 Proceedings of the IASTED International Conference on Parallel and Distributed Computing and Networks},
%   publisher={ACTA Press Anaheim},
%   year={2008}
% }

@misc{Roberts-2000,
  author={\noopsort{2}Eric Roberts},
  title={Neural Networks},
  year={2000},
  howpublished={\url{http://cs.stanford.edu/people/eroberts/courses/soco/projects/neural-networks/index.html}},
  note={\\Accessed: 2017-04-12}
}
